@article{Wiki,
 Author = {Barsky, Eugene and Giustini, Dean},
 Title = {Introducing Web 2.0: wikis for health librarians},
 Year  = {2007}
}

@book{DesignData,
 Author = {Iliinsky, Noah and Steele, Julie},
 Title = {Designing Data Visualizations},
 Year  = {2011}
}

@book{DataVis,
 Author = {Kirk, Andy and Timms, Simon and Rininsland, Andrew and Teller, Swizec},
 Title = {Data Visualization: Representing Information on Modern Web},
 Year  = {2016}
}

@online{MozHTML,
  Author        = {Mozilla Developer Network},
  Title         = {Introduction to HTML},
  Url           = {https://developer.mozilla.org/en-US/docs/Web/Guide/HTML/Introduction}
}

@online{MozJS,
  Author        = {Mozilla Developer Network},
  Title         = {JavaScript},
  Url           = {https://developer.mozilla.org/en-US/docs/Web/JavaScript}
}

@online{MozCanvas,
  Author        = {Mozilla Developer Network},
  Title         = {Canvas API},
  Url           = {https://developer.mozilla.org/en-US/docs/Web/API/Canvas_API}
}

@online{W3SVG,
  Author        = {SVG Working Group},
  Date          = {2010},
  Organization  = {World Wide Web Consortium},
  Title         = {Scalable Vector Graphics (SVG)},
  Url           = {http://www.w3.org/Graphics/SVG/}
}

@online{OperaSVGCanvas,
  Author        = {Sucan, Mihai},
  Date          = {2010},
  Organization  = {Opera Software},
  Title         = {SVG or Canvas, choosing between the two},
  Url           = {https://dev.opera.com/articles/svg-or-canvas-choose/}
}

@online{W3DOM,
  Author        = {Jonathan Robie, Texcel Research},
  Organization  = {W3},
  Title         = {What is the Document Object Model},
  Url           = {https://www.w3.org/TR/WD-DOM/introduction.html}
}

@online{MozCSS,
  Author        = {Mozilla Developer Network},
  Title         = {CSS},
  Url           = {https://developer.mozilla.org/en-US/docs/Web/CSS}
}

@online{WikiSPA,
  Author        = {Wikipedia, the free encyclopedia},
  Title         = {Single-page application},
  Url           = {https://en.wikipedia.org/wiki/Single-page_application}
}

@article{AJAX,
  Author    = {Jesse James Garrett},
  Title     = {Ajax: A New Approach to Web Applications},
  Year      = {2005}
}

@book{BookKanban,
  Author    = {David J. Anderson},
  Foreword  = {Donald G Reinertsen},
  Title     = {Kanban: Successful Evolutionary Change for Your Technology Business},
  Year      = {2010}
}

@article{Chromogram,
  Address   = {Heidelberg, Berlin},
  Author    = {Wattenberg, Martin and Vi{\'e}gas, Fernanda B and Hollenbach, Katherine},
  Title     = {Visualizing activity on wikipedia with chromograms},
  Year      = {2007}
}

@article{HistoryFlow,
  Address   = {New York, NY},
  Author    = {Vi{\'e}gas, Fernanda B and Wattenberg, Martin and Dave, Kushal},
  Title     = {Studying cooperation and conflict between authors with history flow visualizations},
  Year      = {2004}
}

@article{HistoryGraph,
  Author    = {Scalise, Eugenio and Zambrano, Nancy and Favre, Jean-Marie},
  Title     = {Visualizaci{\'o}n de Propiedades del Historial de los Art{\'\i}culos de un Manejador de Contenidos Basado en Wiki Aplicando Ingenier{\'\i}a Dirigida por Modelos},
  Year      = {2008}
}
